@article{glass,
  author="Glass, M. and Sanchez del Rio, M.",
  title={Coherent modes of X-ray beams emitted by undulators in new storage rings},
  journal={EPL},
  volume={119},
  number={3},
  pages={34004},
  year= {2017},
  doi = {10.1209/0295-5075/119/34004}
}

@book{mandel_wolf,
  title={Optical Coherence and Quantum Optics},
  author={Mandel, L. and Wolf, E.},
  isbn={9780521417112},
  lccn={93488873},
  year={1995},
  publisher={Cambridge University Press},
  address={Cambridge}
}

@book{wolf_thin_book,
  title={Introduction to the Theory of Coherence and Polarization of Light},
  author={Wolf, E.},
  year={2007},
  publisher={Cambridge University Press},
  address={Cambridge}
}

@book{paganin_book,
  title={Coherent X-Ray Optics},
  author={Paganin, D. M.},
  year={2006},
  publisher={Oxford University Press},
  address={Oxford}
}

@book{Sommerfeld,
  title={Optics},
  author={Sommerfeld, A.},
  year={1954},
  publisher={Academic Press Inc.},
  address={New York}
}

@book{schmidt,
	author = {Schmidt, Jason D.},
	title = {Numerical Simulation of Optical Wave Propagation},
	publisher = {SPIE Press},
	address = {Bellingham, WA, USA}, 
	year = {2010},
}

@mastersthesis{pirro,
  author       = {Giovanni Pirro}, 
  title        = {Applications of Scaled Wave Optics Propagator to Model Synchrotron Beamlines},
  school       = {Politecnico di Milano},
  year         = 2017,
  howpublished = "\url{https://github.com/oasys-kit/wofry/blob/master/doc/pirro_thesis.pdf}"
}

@article{kim,
 author = { Kwang-Je  Kim},
 title = {A New Formulation Of Synchrotron Radiation Optics Using The Wigner Distribution},
 journal = {Proc. SPIE},
 volume = {0582},
 number = {},
 pages = {2-9},
 year = {1986},
 doi = {10.1117/12.950906},
 eprint = {}
}

@article{geloni,
title = "Transverse coherence properties of X-ray beams in third-generation synchrotron radiation sources",
journal = "Nucl. Instr. and Meth. A",
volume = "588",
number = "3",
pages = "463 - 493",
year = "2008",
note = "",
issn = "0168-9002",
doi = "http://dx.doi.org/10.1016/j.nima.2008.01.089",
author = "Gianluca Geloni and Evgeni Saldin and Evgeni Schneidmiller and Mikhail Yurkov",
keywords = "X-ray beams",
keywords = "Undulator radiation",
keywords = "Transverse coherence",
keywords = "van Cittert–Zernike theorem",
keywords = "Emittance effects"
}

@book{orangebook,
  title={ESRF Upgrade Programme Phase II},
  author={Dimper, R. and Reichert, H. and Raimondi, P. and Sanchez Ortiz, L. and Sette, F. and Susini, J.},
  year={2014},
  pages = "75",
  publisher={ESRF, Grenoble}
}

@book{jackson,
  title={Classical Electrodynamics},
  author={Jackson, J. D.},
  isbn={0-471-30932-X},
  year={1999},
  edition={3},
  publisher={Wiley},
  address =      {New York}
}


@article{pauling89,
  author = "L. Pauling",
  title  = {Icosahedral quasicrystals of intermetallic compounds are icosahedral twins of cubic crystals of three kinds, consisting of large (about 5000 atoms) icosahedral complexes in either a cubic body-centered or a cubic face-centered arrangement or smaller (about 1350 atoms) icosahedral complexes in the $\beta$-tungsten arrangement},
  journal = "Proc. Natl Acad. Sci USA",
  volume = 86,
  pages  = "8595--8599",
  year   = 1989                                           }

@article{pargel84,
  author = "E. Parth\'e and L. M. Gelato",
  title  =  "The standardization of inorganic crystal-structure data",
  journal = "Acta Cryst.",
  volume = "A40",
  pages  = "169--183",
  doi    = "10.1107/S0108767384000416",
  year   = 1984                                           }

@techreport{rauch76,
  author = "Rauch, H. \& Petrascheck, D.",
  title = "Grundlagen f{\"u}r ein
           Laue-Neutroneninterferometer Teil 1:
           Dynamische Beugung",
  institution = "Atominstitut der {\"O}sterreichischen
           Universit{\"a}ten, Austria",
  type = "Report",
  number = "AIAU 74405b",
  year = 1976                                             }
  
  @article{MagyarMandel1963,
  author = "G. Magyar and L. Mandel",
  title  =  "Interference Fringes Produced by Superposition of Two Independent Maser Light Beams",
  journal = "Nature",
  volume = "198",
  pages  = "255--256",
  year   = 1963                                           }
  
    @article{TopologicalReactionsCohVortices,
  author = "Y. Gu and G. Gbur",
  title  =  "Topological reactions of optical correlation vortices",
  journal = "Opt. Commun,",
  volume = "282",
  pages  = "709--716",
  year   = 2009                                           }
  
      @article{Schouten2003,
  author = "H. F. Schouten and G. Gbur and T. D. Visser and E. Wolf",
  title  =  "Phase singularities of the coherence functions in Young’s interference pattern",
  journal = "Opt. Lett.",
  volume = "28",
  pages  = "968--970",
  year   = 2003  }
  
      @article{GburVisser2003,
  author = "G. Gbur and T. D. Visser",
  title  =  "Coherence vortices in partially coherent beams",
  journal = "Opt. Commun,",
  volume = "222",
  pages  = "117--125",
  year   = 2003                                           }
   
      @article{Bogatyryova2003,
  author = "G. V. Bogatyryova and C. V. Fel'de and P. V. Polyanskii and S. A. Ponomarenko and M. S. Soskin and E. Wolf",
  title  =  "Partially coherent vortex beams with a separable phase",
  journal = "Opt. Lett.",
  volume = "28",
  pages  = "878--880",
  year   = 2003  }
 
@BOOK{Goodman2007,
  author =       {Goodman, J. W.},
  title =        {Speckle Phenomena in Optics},
  publisher =    {Roberts and Company},
  year =         {2007},
  volume =       {},
  series =       {},
  address =      {Englewood Colorado},
  edition =      {},
  month =        {},
  note =         {},
  key =          {},
  annote =       {},
}
  
  @BOOK{Nye1999,
  author =       {Nye, J. F.},
  title =        {Natural Focusing and Fine Structure of Light: Caustics and Wave Dislocations},
  publisher =    {Institute of Physics Publishing},
  year =         {1999},
  volume =       {},
  series =       {},
  address =      {Bristol},
  edition =      {},
  month =        {},
  note =         {},
  key =          {},
  annote =       {},
}

@BOOK{VilenkinShellard1994,
  author =       {Vilenkin, A. and Shellard, E. P. S.},
  title =        {Cosmic Strings and Other Topological Defects},
  publisher =    {Cambridge University Press},
  year =         {1994},
  volume =       {},
  series =       {},
  address =      {Cambridge},
  edition =      {},
  month =        {},
  note =         {},
  key =          {},
  annote =       {},
}
 
 @BOOK{Volovik2003,
  author =       {Volovik, G. E.},
  title =        {The Universe in a Helium Droplet},
  publisher =    {Oxford University Press},
  year =         {2003},
  volume =       {},
  series =       {},
  address =      {Oxford},
  edition =      {},
  month =        {},
  note =         {},
  key =          {},
  annote =       {},
}
  
@ARTICLE{NyeBerry1974,
        AUTHOR =        {Nye, J. F. and Berry, M. V.},
        TITLE =         "Dislocations in wave trains",
        JOURNAL =       {Proc. Roy. Soc. Lond. A},
        Volume =        {336},
        Number =        {},
        Pages =         {165--190},
        Month =         {},
        YEAR =          {1974},
        Note =          {},
        summary =       {}
        }
               
      @ARTICLE{Dirac1931,
        AUTHOR =        {Dirac, P. A. M.},
        TITLE =         "Quantised singularities in the electromagnetic field" ,
        JOURNAL =       {Proc. Roy. Soc. A},
        Volume =        {133},
        Number =        {},
        Pages =         {60--72},
        Month =         {},
        YEAR =          {1931},
        Note =          {},
        summary =       {}
        }
        
        @ARTICLE{OHolleran2008,
        AUTHOR =        {O'Holleran, K. and Dennis, M. R. and Flossmann, F. and Padgett, M. J.},
        TITLE =         "Fractality of Light's Darkness" ,
        JOURNAL =       {Phys. Rev. Lett.},
        Volume =        {100},
        Number =        {},
        Pages =         {053902},
        Month =         {},
        YEAR =          {2008},
        Note =          {},
        summary =       {}
        }

@ARTICLE{Freund1999,
        AUTHOR =        {Freund, I.},
        TITLE =         "Critical point explosions in two-dimensional wave fields",
        JOURNAL =       {Opt. Commun.},
        Volume =        {159},
        Number =        {},
        Pages =         {99--117},
        Month =         {},
        YEAR =          {1999},
        Note =          {},
        summary =       {}
        }     
        
@ARTICLE{Kitchen2004,
        AUTHOR =        {Kitchen, M. J. and Paganin, D. and Lewis, R. A. and Yagi, N. and Uesugi, K. and Mudie, S. T.},
        TITLE =         "On the origin of speckle in x-ray phase contrast
images of lung tissue",
        JOURNAL =       {Phys. Med. Biol.},
        Volume =        {49},
        Number =        {},
        Pages =         {4335--4348},
        Month =         {},
        YEAR =          {2004},
        Note =          {},
        summary =       {}
        }    
 
         @ARTICLE{PellicciaPaganin2012,
        AUTHOR =        {D. Pelliccia and D. M. Paganin},
        TITLE =         "Coherence vortices in vortex-free partially coherent x-ray fields" ,
        JOURNAL =       {Phys. Rev. A},
        Volume =        {86},
        Number =        {},
        Pages =         {015802},
        Month =         {},
        YEAR =          {2012},
        Note =          {},
        summary =       {}
        }
        
              @article{FischerVisser2004,
  author = "D. G. Fischer and T. D. Visser",
  title  =  "Spatial correlation properties of focused partially
coherent light",
  journal = "J. Opt. Soc. Am. A",
  volume = "21",
  pages  = "2097--2102",
  year   = 2004  }
  
    @ARTICLE{GburVisser2006,
        AUTHOR =        {G. Gbur and T. D. Visser},
        TITLE =         "Phase singularities and coherence vortices in linear optical systems",
        JOURNAL =       {Opt. Commun.},
        Volume =        {259},
        Number =        {},
        Pages =         {428--435},
        Month =         {},
        YEAR =          {2006},
        Note =          {},
        summary =       {}
        }  
        
@ARTICLE{Wang2006,
        AUTHOR =        {W. Wang and Z. Duan and S. G. Hanson and Y. Miyamoto and M. Takeda},
        TITLE =         "Experimental Study of Coherence Vortices: Local Properties of Phase Singularities in a Spatial Coherence Function" ,
        JOURNAL =       {Phys. Rev. Lett.},
        Volume =        {96},
        Number =        {},
        Pages =         {073902},
        Month =         {},
        YEAR =          {2006},
        Note =          {},
        summary =       {}
        }
        
            @ARTICLE{GburVisser2010,
        AUTHOR =        {G. Gbur and T. D. Visser},
        TITLE =         "The Structure of Partially Coherent Fields",
        JOURNAL =       {Prog. Optics},
        Volume =        {55},
        Number =        {},
        Pages =         {285--341},
        Month =         {},
        YEAR =          {2010},
        Note =          {},
        summary =       {}
        }  
        
      @article{Rodrigo2015,
  author = "J. A. Rodrigo and T. Alieva",
  title  =  "Evolution of coherence singularities of {S}chell-model beams",
  journal = "Opt. Lett.",
  volume = "40",
  pages  = "3635--3638",
  year   = 2015  }
  
            @ARTICLE{SoskinVasnetsov2001,
        AUTHOR =        {M. Soskin and M. Vasnetsov},
        TITLE =         "Singular optics",
        JOURNAL =       {Prog. Optics},
        Volume =        {42},
        Number =        {},
        Pages =         {219--276},
        Month =         {},
        YEAR =          {2001},
        Note =          {},
        summary =       {}
        } 
                    
                    @ARTICLE{DennisProgOpt2009,
        AUTHOR =        {M. R. Dennis and K. O'Holleren and M. J. Padgett},
        TITLE =         "Singular optics: Optical vortices and polarization Singularities",
        JOURNAL =       {Prog. Optics},
        Volume =        {53},
        Number =        {},
        Pages =         {293--363},
        Month =         {},
        YEAR =          {2009},
        Note =          {},
        summary =       {}
        } 
  
  @ARTICLE{Palacios2004,
        AUTHOR =        {D. M. Palacios and I. D. Maleev and A. S. Marathay and G. A. {Swartzlander Jr}},
        TITLE =         "Spatial Correlation Singularity of a Vortex Field" ,
        JOURNAL =       {Phys. Rev. Lett.},
        Volume =        {92},
        Number =        {},
        Pages =         {143905},
        Month =         {},
        YEAR =          {2004},
        Note =          {},
        summary =       {}
        }
        
 @article{GburSPIE,
 author = {G. Gbur},
 title = {Optical and coherence vortices and their relationships},
 journal = {Proc. SPIE},
 volume = {7008},
 number = {},
 pages = {70080N},
 year = {2008},
 doi = {},
 eprint = {}
}   

@article{Wolf1982,
  author = "E. Wolf",
  title  =  "New theory of partial coherence in the space–frequency domain. Part I: spectra and cross spectra of steady-state sources",
  journal = "J. Opt. Soc. Am. A",
  volume = "72",
  pages  = "343--351",
  year   = 1982  }
  
  @article{Wigner1932,
  author = "E. Wigner",
  title  =  "On the quantum correction for thermody-
namic equilibrium",
  journal = "Phys. Rev.",
  volume = "40",
  pages  = "749--759",
  year   = 1932  }

@article{Papoulis1974,
  author = "A. Papoulis",
  title  =  "Ambiguity function in Fourier optics",
  journal = "J. Opt. Soc. Am. A",
  volume = "64",
  pages  = "779--788",
  year   =  1974 }

@article{GenRadiance1,
  author = "A. Walther",
  title  =  "Radiometry and coherence",
  journal = "J. Opt. Soc. Am. A",
  volume = "58",
  pages  = "1256--1259",
  year   =  1968 }

@article{GenRadiance2,
  author = "E. W. Marchand and E. Wolf",
  title  =  "Walther’s definitions of generalized radiance",
  journal = "J. Opt. Soc. Am. A",
  volume = "64",
  pages  = "1273--1274",
  year   =  1974 }

@article{AlonsoWignerFunctionReview,
  author = "M. A. Alonso",
  title  =  "Wigner functions in optics: describing beams as ray bundles and pulses as particle ensembles",
  journal = "Adv. Opt. Photonics",
  volume = "3",
  pages  = "272--365",
  year   =  2011 }
  
  @article{Rayleigh,
  author = "Rayleigh",
  title  =  "XXXVII. On the passage of waves through apertures in Plane screens, and allied problems",
  journal = "Phil. Mag.",
  volume = "43",
  pages  = "259--272",
  year   =  1897 }
  
  @article{Nugent2003,
  author = {K. A. Nugent and C. Q. Tran and A. Roberts},
  journal = {Opt. Express},
  keywords = {Coherence; Coherent optical effects; Synchrotron radiation},
  number = {19},
  pages = {2323-2328},
  publisher = {OSA},
  title = {Coherence transport through imperfect x-ray optical systems},
  volume = {11},
  month = {Sep},
  year = {2003},
  skipurl = {http://www.opticsexpress.org/abstract.cfm?URI=oe-11-19-2323},
  doi = {10.1364/OE.11.002323},
  abstract = {The latest generation of synchrotron sources, so-called third generation sources, are able to produce copious amounts of coherent radiation. However it has become evident that the experimental systems that have been developed are unable to fully utilize the coherent flux. This has led to a perception that coherence is lost while the radiation is transported down the beamline. However it is well established that the degree of coherence must be preserved, or increased, by an experimental system, and so this apparent ``decoherence'' must have its origin in the nature of the measurement process. In this paper we use phase space methods to present an argument that the loss of useful coherent flux can be attributed to unresolved speckle in the x-ray beam.},
}

@article{Nesterets2008,
  title = "On the origins of decoherence and extinction contrast in phase-contrast imaging",
  journal = "Opt. Commun.",
  volume = "281",
  number = "4",
  pages = "533-542",
  year = "2008",
  issn = "0030-4018",
  doi = "10.1016/j.optcom.2007.10.025",
  skipurl = "http://www.sciencedirect.com/science/article/pii/S0030401807010243",
  author = "{\relax Ya}. I. Nesterets",
  keywords = "X-ray instruments, Diffraction and scattering, Coherence, Phase retrieval, Image forming and reconstruction"
}

@article{Coisson1997,
  author = "R. {Co\"{\i}sson} and S. Marchesini",
  title  =  "Gauss--{S}chell Sources as Models for Synchrotron Radiation",
  journal = "J. Synchrotron Rad.",
  volume = "4",
  pages  = "263--266",
  year   =  1997 }
  
  @article{Vartanyants2010,
  author = "I. A. Vartanyants and A. Singer",
  title  =  "Coherence properties of hard x-ray synchrotron sources and x-ray free-electron lasers",
  journal = "New J. Phys.",
  volume = "12",
  pages  = "035004",
  year   =  2010 }
  
  @article{Marasinghe2010,
  author = "M. L. Marasinghe and M. Premaratne and D. M. Paganin",
  title  =  "Coherence vortices in {M}ie scattering of statistically stationary partially coherent fields",
  journal = "Opt. Express",
  volume = "18",
  pages  = "6628--6641",
  year   =  2010 }
  
   @article{Marasinghe2011,
  author = "M. L. Marasinghe and D. M. Paganin and M. Premaratne",
  title  =  "Coherence-vortex lattice formed via Mie scattering of partially coherent light by several dielectric nanospheres",
  journal = "Opt. Lett.",
  volume = "36",
  pages  = "936--938",
  year   =  2011 }
  
    @article{Zurek,
  author = "W. H. Zurek",
  title  =  "Decoherence, einselection, and the quantum origins of the classical",
  journal = "Rev. Mod. Phys.",
  volume = "75",
  pages  = "715--775",
  year   =  2003 }

  
      @article{Ptychography,
  author = "F. Pfeiffer",
  title  =  "X-ray ptychography",
  journal = "Nat. Photonics",
  volume = "12",
  pages  = "9--17",
  year   =  2018 }

      @article{XPCS,
  author = " O. G. Shpyrko",
  title  =  "X-ray photon correlation spectroscopy",
  journal = "J. Synchrotron Rad.",
  volume = "21",
  pages  = "1057--1064",
  year   =  2014 }
  
      @article{CDI,
  author = "J. Miao and P. Charalambous and J. Kirz and D. Sayre",
  title  =  "Extending the methodology of X-ray crystallography to allow imaging of micrometre-sized non-crystalline specimens",
  journal = "Nature",
  volume = "400",
  pages  = " 342--344",
  year   =  1999 }
  
      @article{PBPCI,
  author = "A. Snigirev and I. Snigireva and V. Kohn and S. Kuznetsov and I. Schelokov",
  title  =  "On the possibilities of X-ray phase contrast microimaging by coherent high-energy synchrotron radiation",
  journal = "Rev. Sci. Instrum.",
  volume = "66",
  pages  = "5486--5492",
  year   =  1995 }

      @article{ThreeBeamCondition,
  author = "Kevin O'Holleran and M. J. Padgett and M. R. Dennis ",
  title  =  "Topology of optical vortex lines formed by the interference of three, four, and five plane waves ",
  journal = "Opt. Express",
  volume = "14",
  pages  = "3039--3044",
  year   =  2006 }
  
  
      @article{Gardner,
  author = "W. Gardner and A. Napolitano and L. Paura",
  title  =  "Cyclostationarity: Half a century of research",
  journal = "Signal Process.",
  volume = "86",
  pages  = "639--697",
  year   =  2006 }
  
        @article{BrynmorDavis,
  author = "B. J. Davis",
  title  =  "Observable coherence theory for statistically periodic fields",
  journal = "Phys. Rev. A",
  volume = "76",
  pages  = "043843",
  year   =  2007 }
  
    @article{Schoonover2009,
  author = "R. W. Schoonover and  B. J. Davis and P. S. Carney",
  title  =  "The generalized Wolf shift for
cyclostationary fields",
  journal = "Opt. Express",
  volume = "17",
  pages  = "4705--4711",
  year   =  2009 }
  
          @article{Alperin2019,
  author = "S. N. Alperin and A. L. Grotelueschen and M. E. Siemens",
  title  =  "Quantum Turbulent Structure in Light",
  journal = "Phys. Rev. Lett.",
  volume = "122",
  pages  = "044301",
  year   =  2019}
  
          @article{MaysPonsaingPaganin2018,
  author = "A. Mays and A. K. Ponsaing and D. M. Paganin",
  title  =  "",
  journal = "Phys. Rev. A",
  volume = "98",
  pages  = "063813",
  year   =  2018 }
  
@ARTICLE{PaganinOptLett2018,
    	AUTHOR =    	{Paganin, David M. and Beltran, Mario A. and Petersen, Timothy C.},
    	TITLE =     	"Nodal-line dynamics via exact polynomial solutions for coherent waves traversing aberrated imaging systems" ,
    	JOURNAL =   	{Opt. Lett.},
    	Volume =    	{43},
    	Number =    	{},
    	Issue =   		 {5},
    	Pages =     	{975--978},
    	Month =     	{},
    	YEAR =      	{2018},
    	Note =      	{},
    	summary =   	{}
    	}
  
  @article{Wolf1969,
  author = "E. Wolf",
  title  =  "Three-dimensional structure determination of semi-transparent objects from holographic data",
  journal = "Opt. Commun.",
  volume = "1",
  pages  = "153--156",
  year   = 1969                                           }
  
  @BOOK{BornWolf,
   author = {M. Born and E. Wolf},
   title = {Principles of Optics: Electromagnetic Theory of Propagation, Interference and Diffraction of Light},
   publisher={Cambridge University Press, Cambridge},
   year = {1999},
   edition={7th}
}
  
    
  @article{SimulaPaganin2012,
  author = "T. P. Simula and D. M. Paganin",
  title  =  "Coherence simplices",
  journal = "New J. Phys.",
  volume = "14",
  pages  = "113015",
  year   = 2012                                           }
  
  
 @BOOK{PitaevskiiStringariBook,
  author =   	{Pitaevskii, L. P. and Stringari, S.},
  title =    	{Bose--Einstein Condensation},
  publisher =	{Oxford University Press},
  year =     	{2003},
  volume =   	{},
  series =   	{},
  address =  	{Oxford},
  edition =  	{},
  month =    	{},
  note =     	{},
  key =      	{},
  annote =   	{},
}

@ARTICLE{Petersen2013,
    	AUTHOR =    	{Petersen, T. C.  and Weyland, M. and Paganin, D. M. and Simula, T. P. and Eastwood, S. A. and Morgan, M. J.},
    	TITLE =     	"Electron Vortex Production and Control Using Aberration Induced Diffraction Catastrophes",
    	JOURNAL =   	{Phys. Rev. Lett.},
    	Volume =    	{110},
    	Number =    	{},
    	Pages =     	{033901},
    	Month =     	{},
    	YEAR =      	{2013},
    	Note =      	{},
    	summary =   	{}
    	}
    	
@article{Bliokh2017,
title = "Theory and applications of free-electron vortex states",
journal = "Phys. Rep.",
volume = "690",
pages = "1 - 70",
year = "2017",
issn = "0370-1573",
doi = "https://doi.org/10.1016/j.physrep.2017.05.006",
author = "K.Y. Bliokh and I.P. Ivanov and G. Guzzinati and L. Clark and R. Van Boxem and A. B\'{e}ch\'{e} and R. Juchtmans and M.A. Alonso and P. Schattschneider and F. Nori and J. Verbeeck"}

@ARTICLE{AllenOxleyPaganin2001,
    	AUTHOR =    	{ L. J. Allen and M. P. Oxley and D. Paganin},
    	TITLE =     	" Computational aberration correction for an arbitrary linear imaging system",
    	JOURNAL =   	{Phys. Rev. Lett.},
    	Volume =    	{87},
    	Number =    	{},
    	Pages =     	{123902},
    	Month =     	{},
    	YEAR =      	{2001},
    	Note =      	{},
    	summary =   	{}
    	}

@BOOK{MessiahBook,
  author =   	{A. Messiah},
  title =    	{Quantum Mechanics Volume 1},
  publisher =	{North--Holland},
  year =     	{1961},
  volume =   	{},
  series =   	{},
  address =  	{Amsterdam},
  edition =  	{},
  month =    	{},
  note =     	{},
  key =      	{},
  annote =   	{},
}

@ARTICLE{XRayVortex1,
    	AUTHOR ={Andrew G. Peele and Philip J. McMahon and David Paterson and Chanh Q. Tran and Adrian P. Mancuso and Keith A. Nugent and Jason P. Hayes and Erol Harvey and Barry Lai and Ian McNulty },
    	TITLE = "Observation of an X-ray vortex",
    	JOURNAL =   	{Opt. Lett.},
    	Volume =    	{27},
    	Number =    	{},
    	Pages =     	{1752--1754},
    	Month =     	{},
    	YEAR =      	{2002},
    	Note =      	{},
    	summary =   	{}
    	}

@ARTICLE{XRayVortex2,
    	AUTHOR ={A. G. Peele and K. A. Nugent},
    	TITLE = "X-ray vortex beams: a theoretical analysis",
    	JOURNAL =   	{Opt. Express},
    	Volume =    	{11},
    	Number =    	{},
    	Pages =     	{2315--2322},
    	Month =     	{},
    	YEAR =      	{2003},
    	Note =      	{},
    	summary =   	{}
    	}

@ARTICLE{XRayVortex3,
    	AUTHOR ={A. G. Peele and K. A. Nugent and A. P. Mancuso and D. Paterson and I. McNulty and J. P. Hayes},
    	TITLE = "X-ray phase vortices: theory and experiment",
    	JOURNAL =   	{J. Opt. Soc. Am. A},
    	Volume =    	{21},
    	Number =    	{},
    	Pages =     	{1575--1584},
    	Month =     	{},
    	YEAR =      	{2004},
    	Note =      	{},
    	summary =   	{}
    	}

@ARTICLE{XRayVortex4,
    	AUTHOR ={M. J. Kitchen and D. Paganin and R. A. Lewis and N. Yagi and K. Uesugi and S. T. Mudie},
    	TITLE = "On the origin of speckle in X-ray phase contrast images of lung tissue",
    	JOURNAL =   	{Phys. Med. Biol.},
    	Volume =    	{49},
    	Number =    	{},
    	Pages =     	{4335--4348},
    	Month =     	{},
    	YEAR =      	{2004},
    	Note =      	{},
    	summary =   	{}
    	}

@ARTICLE{XRayVortex5,
    	AUTHOR ={Shigemi Sasaki and Ian McNulty},
    	TITLE = "Proposal for Generating Brilliant X-Ray Beams Carrying Orbital Angular Momentum",
    	JOURNAL =   	{Phys. Rev. Lett.},
    	Volume =    	{100},
    	Number =    	{},
    	Pages =     	{124801},
    	Month =     	{},
    	YEAR =      	{2008},
    	Note =      	{},
    	summary =   	{}
    	}

@ARTICLE{XRayVortex6,
    	AUTHOR ={Yoshiki Kohmura and Kei Sawada and Munetaka Taguchi and Tetsuya Ishikawa and Takuji Ohigashi and  Yoshio Suzuki},
    	TITLE = "Formation of x-ray vortex dipoles using a single diffraction pattern and direct phase measurement using interferometry",
    	JOURNAL =   	{Appl. Phys. Lett.},
    	Volume =    	{94},
    	Number =    	{},
    	Pages =     	{101112},
    	Month =     	{},
    	YEAR =      	{2009},
    	Note =      	{},
    	summary =   	{}
    	}

@ARTICLE{XRayVortex7,
    	AUTHOR ={Konstantin M. Pavlov and David M. Paganin and David J. Vine and Jelena A. Schmalz and Yoshio Suzuki and Kentaro Uesugi and Akihisa Takeuchi and Naoto Yagi and Alexander Kharchenko and Gabriel Blaj and Jan Jakubek and Matteo Altissimo and Jesse N. Clark},
    	TITLE = "Quantized hard-x-ray phase vortices nucleated by aberrated nanolenses",
    	JOURNAL =   	{Phys. Rev. A},
    	Volume =    	{83},
    	Number =    	{},
    	Pages =     	{013813},
    	Month =     	{},
    	YEAR =      	{2011},
    	Note =      	{},
    	summary =   	{}
    	}
    
    
    @article{BoivinDowWolf1967,
  author = "A. Boivin and J. Dow and E. Wolf ",
  title  =  "Energy Flow in the Neighborhood of the Focus of a Coherent Beam ",
  journal = "J. Opt. Soc. Am. A",
  volume = "57",
  pages  = "1171--1175",
  year   = 1967}
  
  @BOOK{SethnaBook,
  author =   	{Sethna, J. P.},
  title =    	{Statistical Mechanics: Entropy, Order Parameters and Complexity},
  publisher =	{Oxford University Press},
  year =     	{2006},
  volume =   	{},
  series =   	{},
  address =  	{Oxford},
  edition =  	{},
  month =    	{},
  note =     	{},
  key =      	{},
  annote =   	{},
}
  
  
  @article{GburVisserWolf2004,
	doi = {10.1088/1464-4258/6/5/017},
	url = {https://doi.org/10.1088%2F1464-4258%2F6%2F5%2F017},
	year = 2004,
	month = {apr},
	publisher = {{IOP} Publishing},
	volume = {6},
	number = {5},
	pages = {S239--S242},
	author = {Greg Gbur and Taco D Visser and E Wolf},
	title = {~Hidden~ singularities in partially coherent wavefields},
	journal = {J. Opt. A: Pure  Appl. Opt.},
	abstract = {It is well known that light fields which are partially coherent and/or polychromatic do not
typically possess regions of zero intensity and hence do not possess any obvious phase
singularities. It is of interest to ask whether or not such fields possess singularities in some
‘hidden’ form, and in this paper we discuss the singular optics of partially coherent fields
and the nature of the singularities in such fields.}
}

@article{FaigelTegze1999,
title = "X-ray holography",
journal = "Rep. Prog. Phys.",
volume = "62",
pages = "355--393",
year = "1999",
author = "Gyula Faigel and Miklós Tegze"}
  
  @article{PangGburVisser2015,
  author = "Xiaoyan Pang and Greg Gbur and Taco D. Visser",
  title  =  "Cycle of phase, coherence and
polarization singularities in Young’s
three-pinhole experiment",
  journal = "Opt. Express",
  volume = "23",
  pages  = "34093--34108",
  year   =  2015 }
  
    @article{Ambrosini2005,
  author = "D. Ambrosini and F. Gori and D. Paoletti",
  title  =  "Destructive interference from three partially coherent
point sources",
  journal = "Opt. Commun,",
  volume = "254",
  pages  = "30--39",
  year   = 2005                                           }
  
  @ARTICLE{Basano2005,
  AUTHOR =        {Lorenzo Basano and Pasquale Ottonello},
  TITLE =         "Complete destructive interference of partially coherent sources of acoustic waves" ,
  JOURNAL =       {Phys. Rev. Lett.},
  Volume =        {94},
  Number =        {},
  Pages =         {173901},
  Month =         {},
  YEAR =          {2005},
  Note =          {},
  summary =       {}
  }
  
  @article{Stockmar2015,
  title = {X-Ray Near-Field Ptychography for Optically Thick Specimens},
  author = {Stockmar, Marco and Zanette, Irene and Dierolf, Martin and Enders, Bjoern and Clare, Richard and Pfeiffer, Franz and Cloetens, Peter and Bonnin, Anne and Thibault, Pierre},
  journal = {Phys. Rev. Applied},
  volume = {3},
  issue = {1},
  pages = {014005},
  numpages = {6},
  year = {2015},
  month = {Jan},
  publisher = {American Physical Society},
  doi = {10.1103/PhysRevApplied.3.014005},
  url = {https://link.aps.org/doi/10.1103/PhysRevApplied.3.014005}
}

@article{Rodenburg2008,
title = {Ptychography and Related Diffractive Imaging Methods},
journal = {Adv. Imag. Elect. Phys.},
volume = {50},
pages = {87--184},
year = {2008},
author = {J. M. Rodenburg}
}


            @article{PangFischerVisser2012,
  author = "X. Pang and D. G. Fischer and T. D. Visser",
  title  =  "Generalized {G}ouy phase for focused partially coherent light and its implications for interferometry ",
  journal = "J. Opt. Soc. Am. A",
  volume = "29",
  pages  = "989--",
  year   = 2012  }
  
@article{Leitenberger1,
title = "Interferometric measurements with hard {X}-rays using a double slit",
journal = "Opt. Commun.",
volume = "191",
number = "1",
pages = "91--96",
year = "2001",
author = "W. Leitenberger and S. M. Kuznetsov and A. Snigirev"
}  
  
@article{Leitenberger2,
title = "Double pinhole diffraction of white synchrotron radiation",
journal = "Physica B",
volume = "336",
number = "1",
pages = "63--67",
year = "2003",
author = "W. Leitenberger and H. Wendrock and L. Bischoff and T. Panzner and U. Pietsch and J. Grenzer and A. Pucher"
}

@article{Leitenberger3,
author = "Leitenberger, Wolfram and Wendrock, Horst and Bischoff, Lothar and Weitkamp, Timm",
title = "{Pinhole interferometry with coherent hard {X}-rays}",
journal = "J. Synchrotron Radiat.",
year = "2004",
volume = "11",
number = "2",
pages = "190--197",
month = "Mar"
}

@article{Ditmire1996,
  title = {Spatial Coherence Measurement of Soft {X}-Ray Radiation Produced by High Order Harmonic Generation},
  author = {Ditmire, T. and Gumbrell, E. T. and Smith, R. A. and Tisch, J. W. G. and Meyerhofer, D. D. and Hutchinson, M. H. R.},
  journal = {Phys. Rev. Lett.},
  volume = {77},
  issue = {23},
  pages = {4756--4759},
  numpages = {0},
  year = {1996},
  month = {Dec},
  publisher = {American Physical Society},
  doi = {10.1103/PhysRevLett.77.4756},
  url = {https://link.aps.org/doi/10.1103/PhysRevLett.77.4756}
}

@article{Takayama1998,
author = "Takayama, Y. and Tai, R. Z. and Hatano, T. and Miyahara, T. and Okamoto, W. and Kagoshima, Y.",
title = "{Measurement of the coherence of synchrotron radiation}",
journal = "J. Synchrotron Radiat,",
year = "1998",
volume = "5",
number = "3",
pages = "456--458",
month = "May"
}
